<?xml version="1.0" encoding="UTF-8"?><collection xmlns="http://www.loc.gov/MARC21/slim"><record><leader>00502nam--2200181-i-4500</leader><controlfield tag="001">000010161</controlfield><controlfield tag="002">20161230</controlfield><controlfield tag="005">20170108210701</controlfield><controlfield tag="008">060222s1000------------r-----000-0-eng-d</controlfield><datafield ind1=" " ind2=" " tag="080"><subfield code="a">539.L.O74.86:535.33</subfield></datafield><datafield ind1=" " ind2=" " tag="100"><subfield code="a">Abbott, A. G</subfield></datafield><datafield ind1=" " ind2=" " tag="245"><subfield code="a">An on-line data collection system for film measurement</subfield></datafield><datafield ind1=" " ind2=" " tag="260"><subfield code="a">Chilton Didcot Berkshire</subfield><subfield code="b">Rutherford High Energy Laboratory</subfield><subfield code="c">1972</subfield></datafield><datafield ind1=" " ind2=" " tag="300"><subfield code="a">7 p.+2 Fig</subfield></datafield><datafield ind1=" " ind2=" " tag="490"><subfield code="a">92</subfield></datafield><datafield ind1=" " ind2=" " tag="700"><subfield code="a">Bracher, B. H</subfield></datafield><datafield ind1=" " ind2=" " tag="852"><subfield code="a">4800</subfield></datafield><datafield ind1=" " ind2=" " tag="CAT"><subfield code="a">SYS</subfield><subfield code="c">20170108</subfield><subfield code="h">210701</subfield></datafield></record></collection>